@Article{borner,
  author  = {Katy B{\"o}rner and Richard Klavans and Michael Patek and Angela M. Zoss and Joseph R. Biberstine and Robert P. Light and Vincent Larivi√®re and Kevin W. Boyack},
  title   = {Design and Update of a Classification System: The UCSD Map of Science},
  journal = {PLOS ONE},
  year    = {2012},
  url     = {http://journals.plos.org/plosone/article?id=10.1371/journal.pone.0039464},
}

@Book{ding,
  author  = {Ying Ding and Ronald Rousseau and Dietmar Wolfram},
  title   = {Measuring Scholarly Impact: Methods and Practice},
  publisher = {Springer},
  year    = {2014},
  url     = {http://info.slis.indiana.edu/~dingying/scholarlyimpact.html},
}
